%YAML 1.1
%TAG !u! tag:unity3d.com,2011:
--- !u!29 &1
OcclusionCullingSettings:
  m_ObjectHideFlags: 0
  serializedVersion: 2
  m_OcclusionBakeSettings:
    smallestOccluder: 5
    smallestHole: 0.25
    backfaceThreshold: 100
  m_SceneGUID: 00000000000000000000000000000000
  m_OcclusionCullingData: {fileID: 0}
--- !u!104 &2
RenderSettings:
  m_ObjectHideFlags: 0
  serializedVersion: 8
  m_Fog: 0
  m_FogColor: {r: 0.5, g: 0.5, b: 0.5, a: 1}
  m_FogMode: 3
  m_FogDensity: 0.01
  m_LinearFogStart: 0
  m_LinearFogEnd: 300
  m_AmbientSkyColor: {r: 0.212, g: 0.227, b: 0.259, a: 1}
  m_AmbientEquatorColor: {r: 0.114, g: 0.125, b: 0.133, a: 1}
  m_AmbientGroundColor: {r: 0.047, g: 0.043, b: 0.035, a: 1}
  m_AmbientIntensity: 1
  m_AmbientMode: 0
  m_SubtractiveShadowColor: {r: 0.42, g: 0.478, b: 0.627, a: 1}
  m_SkyboxMaterial: {fileID: 10304, guid: 0000000000000000f000000000000000, type: 0}
  m_HaloStrength: 0.5
  m_FlareStrength: 1
  m_FlareFadeSpeed: 3
  m_HaloTexture: {fileID: 0}
  m_SpotCookie: {fileID: 10001, guid: 0000000000000000e000000000000000, type: 0}
  m_DefaultReflectionMode: 0
  m_DefaultReflectionResolution: 128
  m_ReflectionBounces: 1
  m_ReflectionIntensity: 1
  m_CustomReflection: {fileID: 0}
  m_Sun: {fileID: 0}
  m_IndirectSpecularColor: {r: 0.37311947, g: 0.38074005, b: 0.35872722, a: 1}
--- !u!157 &3
LightmapSettings:
  m_ObjectHideFlags: 0
  serializedVersion: 11
  m_GIWorkflowMode: 0
  m_GISettings:
    serializedVersion: 2
    m_BounceScale: 1
    m_IndirectOutputScale: 1
    m_AlbedoBoost: 1
    m_TemporalCoherenceThreshold: 1
    m_EnvironmentLightingMode: 0
    m_EnableBakedLightmaps: 0
    m_EnableRealtimeLightmaps: 0
  m_LightmapEditorSettings:
    serializedVersion: 9
    m_Resolution: 2
    m_BakeResolution: 10
    m_TextureWidth: 1024
    m_TextureHeight: 1024
    m_AO: 0
    m_AOMaxDistance: 1
    m_CompAOExponent: 0
    m_CompAOExponentDirect: 0
    m_Padding: 2
    m_LightmapParameters: {fileID: 15203, guid: 0000000000000000f000000000000000,
      type: 0}
    m_LightmapsBakeMode: 1
    m_TextureCompression: 1
    m_FinalGather: 0
    m_FinalGatherFiltering: 1
    m_FinalGatherRayCount: 1024
    m_ReflectionCompression: 2
    m_MixedBakeMode: 1
    m_BakeBackend: 0
    m_PVRSampling: 1
    m_PVRDirectSampleCount: 32
    m_PVRSampleCount: 500
    m_PVRBounces: 2
    m_PVRFilterTypeDirect: 0
    m_PVRFilterTypeIndirect: 0
    m_PVRFilterTypeAO: 0
    m_PVRFilteringMode: 0
    m_PVRCulling: 1
    m_PVRFilteringGaussRadiusDirect: 1
    m_PVRFilteringGaussRadiusIndirect: 5
    m_PVRFilteringGaussRadiusAO: 2
    m_PVRFilteringAtrousPositionSigmaDirect: 0.5
    m_PVRFilteringAtrousPositionSigmaIndirect: 2
    m_PVRFilteringAtrousPositionSigmaAO: 1
    m_ShowResolutionOverlay: 1
  m_LightingDataAsset: {fileID: 0}
  m_UseShadowmask: 1
--- !u!196 &4
NavMeshSettings:
  serializedVersion: 2
  m_ObjectHideFlags: 0
  m_BuildSettings:
    serializedVersion: 2
    agentTypeID: 0
    agentRadius: 0.5
    agentHeight: 2
    agentSlope: 45
    agentClimb: 0.4
    ledgeDropHeight: 0
    maxJumpAcrossDistance: 0
    minRegionArea: 2
    manualCellSize: 0
    cellSize: 0.16666667
    manualTileSize: 0
    tileSize: 256
    accuratePlacement: 0
    debug:
      m_Flags: 0
  m_NavMeshData: {fileID: 0}
--- !u!1 &267806617
GameObject:
  m_ObjectHideFlags: 0
  m_PrefabParentObject: {fileID: 168600, guid: e406c7e4950abdd49a5b8db430b42d81, type: 2}
  m_PrefabInternal: {fileID: 0}
  serializedVersion: 5
  m_Component:
  - component: {fileID: 267806619}
  - component: {fileID: 267806618}
  m_Layer: 0
  m_Name: VROutdoorCinema03
  m_TagString: Untagged
  m_Icon: {fileID: 0}
  m_NavMeshLayer: 0
  m_StaticEditorFlags: 0
  m_IsActive: 1
--- !u!114 &267806618
MonoBehaviour:
  m_ObjectHideFlags: 0
  m_PrefabParentObject: {fileID: 0}
  m_PrefabInternal: {fileID: 0}
  m_GameObject: {fileID: 267806617}
  m_Enabled: 1
  m_EditorHideFlags: 0
  m_Script: {fileID: 11500000, guid: 96fde6bcb5366df4bb0592127aa44adc, type: 3}
  m_Name: 
  m_EditorClassIdentifier: 
  MainScene: VROutdoorCinemaMenuGearVR
--- !u!4 &267806619
Transform:
  m_ObjectHideFlags: 0
  m_PrefabParentObject: {fileID: 447372, guid: e406c7e4950abdd49a5b8db430b42d81, type: 2}
  m_PrefabInternal: {fileID: 0}
  m_GameObject: {fileID: 267806617}
  m_LocalRotation: {x: 0, y: 0, z: 0, w: 1}
  m_LocalPosition: {x: 0, y: 0, z: 0}
  m_LocalScale: {x: 1, y: 1, z: 1}
  m_Children:
  - {fileID: 1785685213}
  - {fileID: 1756298835}
  - {fileID: 698835482}
  m_Father: {fileID: 0}
  m_RootOrder: 0
  m_LocalEulerAnglesHint: {x: 0, y: 0, z: 0}
--- !u!1 &408373880
GameObject:
  m_ObjectHideFlags: 0
  m_PrefabParentObject: {fileID: 1475919168688492, guid: 48986abddb0c5e64f9128c6637b9de36,
    type: 2}
  m_PrefabInternal: {fileID: 0}
  serializedVersion: 5
  m_Component:
  - component: {fileID: 408373881}
  - component: {fileID: 408373884}
  - component: {fileID: 408373883}
  - component: {fileID: 408373882}
  m_Layer: 0
  m_Name: PointWait
  m_TagString: Untagged
  m_Icon: {fileID: 0}
  m_NavMeshLayer: 0
  m_StaticEditorFlags: 0
  m_IsActive: 1
--- !u!224 &408373881
RectTransform:
  m_ObjectHideFlags: 0
  m_PrefabParentObject: {fileID: 224126134856902222, guid: 48986abddb0c5e64f9128c6637b9de36,
    type: 2}
  m_PrefabInternal: {fileID: 0}
  m_GameObject: {fileID: 408373880}
  m_LocalRotation: {x: -0, y: -1, z: -0, w: -0.00000016292068}
  m_LocalPosition: {x: 0, y: 0, z: 1}
  m_LocalScale: {x: 1, y: 1, z: 1}
  m_Children:
  - {fileID: 999694339}
  m_Father: {fileID: 1032143862}
  m_RootOrder: 2
  m_LocalEulerAnglesHint: {x: 0, y: 0, z: 0}
  m_AnchorMin: {x: 0, y: 0}
  m_AnchorMax: {x: 0, y: 0}
  m_AnchoredPosition: {x: 0, y: 0}
  m_SizeDelta: {x: 2, y: 2}
  m_Pivot: {x: 0.5, y: 0.5}
--- !u!114 &408373882
MonoBehaviour:
  m_ObjectHideFlags: 0
  m_PrefabParentObject: {fileID: 114354191996346956, guid: 48986abddb0c5e64f9128c6637b9de36,
    type: 2}
  m_PrefabInternal: {fileID: 0}
  m_GameObject: {fileID: 408373880}
  m_Enabled: 1
  m_EditorHideFlags: 0
  m_Script: {fileID: 1301386320, guid: f70555f144d8491a825f0804e09c671c, type: 3}
  m_Name: 
  m_EditorClassIdentifier: 
  m_IgnoreReversedGraphics: 1
  m_BlockingObjects: 0
  m_BlockingMask:
    serializedVersion: 2
    m_Bits: 4294967295
--- !u!114 &408373883
MonoBehaviour:
  m_ObjectHideFlags: 0
  m_PrefabParentObject: {fileID: 114825107806828500, guid: 48986abddb0c5e64f9128c6637b9de36,
    type: 2}
  m_PrefabInternal: {fileID: 0}
  m_GameObject: {fileID: 408373880}
  m_Enabled: 1
  m_EditorHideFlags: 0
  m_Script: {fileID: 1980459831, guid: f70555f144d8491a825f0804e09c671c, type: 3}
  m_Name: 
  m_EditorClassIdentifier: 
  m_UiScaleMode: 0
  m_ReferencePixelsPerUnit: 100
  m_ScaleFactor: 1
  m_ReferenceResolution: {x: 800, y: 600}
  m_ScreenMatchMode: 0
  m_MatchWidthOrHeight: 0
  m_PhysicalUnit: 3
  m_FallbackScreenDPI: 96
  m_DefaultSpriteDPI: 96
  m_DynamicPixelsPerUnit: 1
--- !u!223 &408373884
Canvas:
  m_ObjectHideFlags: 0
  m_PrefabParentObject: {fileID: 223580730745340886, guid: 48986abddb0c5e64f9128c6637b9de36,
    type: 2}
  m_PrefabInternal: {fileID: 0}
  m_GameObject: {fileID: 408373880}
  m_Enabled: 1
  serializedVersion: 3
  m_RenderMode: 2
  m_Camera: {fileID: 0}
  m_PlaneDistance: 100
  m_PixelPerfect: 0
  m_ReceivesEvents: 1
  m_OverrideSorting: 0
  m_OverridePixelPerfect: 0
  m_SortingBucketNormalizedSize: 0
  m_AdditionalShaderChannelsFlag: 25
  m_SortingLayerID: 0
  m_SortingOrder: 0
  m_TargetDisplay: 0
--- !u!1 &414590237
GameObject:
  m_ObjectHideFlags: 0
  m_PrefabParentObject: {fileID: 0}
  m_PrefabInternal: {fileID: 0}
  serializedVersion: 5
  m_Component:
  - component: {fileID: 414590241}
  - component: {fileID: 414590240}
  - component: {fileID: 414590239}
  - component: {fileID: 414590238}
  m_Layer: 0
  m_Name: EventSystem
  m_TagString: Untagged
  m_Icon: {fileID: 0}
  m_NavMeshLayer: 0
  m_StaticEditorFlags: 0
  m_IsActive: 1
--- !u!114 &414590238
MonoBehaviour:
  m_ObjectHideFlags: 0
  m_PrefabParentObject: {fileID: 0}
  m_PrefabInternal: {fileID: 0}
  m_GameObject: {fileID: 414590237}
  m_Enabled: 1
  m_EditorHideFlags: 0
  m_Script: {fileID: 1077351063, guid: f5f67c52d1564df4a8936ccd202a3bd8, type: 3}
  m_Name: 
  m_EditorClassIdentifier: 
  m_HorizontalAxis: Horizontal
  m_VerticalAxis: Vertical
  m_SubmitButton: Submit
  m_CancelButton: Cancel
  m_InputActionsPerSecond: 10
  m_RepeatDelay: 0.5
  m_ForceModuleActive: 0
--- !u!114 &414590239
MonoBehaviour:
  m_ObjectHideFlags: 0
  m_PrefabParentObject: {fileID: 0}
  m_PrefabInternal: {fileID: 0}
  m_GameObject: {fileID: 414590237}
  m_Enabled: 1
  m_EditorHideFlags: 0
  m_Script: {fileID: 11500000, guid: b1bb4e1b2a0a04d2ea3b96ff7e05685c, type: 3}
  m_Name: 
  m_EditorClassIdentifier: 
  vrModeOnly: 0
  clickTime: 0.1
  hotspot: {x: 0.5, y: 0.5}
--- !u!114 &414590240
MonoBehaviour:
  m_ObjectHideFlags: 0
  m_PrefabParentObject: {fileID: 0}
  m_PrefabInternal: {fileID: 0}
  m_GameObject: {fileID: 414590237}
  m_Enabled: 1
  m_EditorHideFlags: 0
  m_Script: {fileID: -619905303, guid: f5f67c52d1564df4a8936ccd202a3bd8, type: 3}
  m_Name: 
  m_EditorClassIdentifier: 
  m_FirstSelected: {fileID: 0}
  m_sendNavigationEvents: 1
  m_DragThreshold: 5
--- !u!4 &414590241
Transform:
  m_ObjectHideFlags: 0
  m_PrefabParentObject: {fileID: 0}
  m_PrefabInternal: {fileID: 0}
  m_GameObject: {fileID: 414590237}
  m_LocalRotation: {x: 0, y: 0, z: 0, w: 1}
  m_LocalPosition: {x: 0, y: 0, z: 0}
  m_LocalScale: {x: 1, y: 1, z: 1}
  m_Children: []
  m_Father: {fileID: 0}
  m_RootOrder: 1
  m_LocalEulerAnglesHint: {x: 0, y: 0, z: 0}
--- !u!1001 &489560638
Prefab:
  m_ObjectHideFlags: 0
  serializedVersion: 2
  m_Modification:
    m_TransformParent: {fileID: 267806619}
    m_Modifications:
    - target: {fileID: 4556820087436786, guid: 776e96353b63c4db5bc5a8e52c23cd8b, type: 2}
      propertyPath: m_LocalPosition.x
      value: 0.02
      objectReference: {fileID: 0}
    - target: {fileID: 4556820087436786, guid: 776e96353b63c4db5bc5a8e52c23cd8b, type: 2}
      propertyPath: m_LocalPosition.y
      value: 0.94
      objectReference: {fileID: 0}
    - target: {fileID: 4556820087436786, guid: 776e96353b63c4db5bc5a8e52c23cd8b, type: 2}
      propertyPath: m_LocalPosition.z
      value: 4.5
      objectReference: {fileID: 0}
    - target: {fileID: 4556820087436786, guid: 776e96353b63c4db5bc5a8e52c23cd8b, type: 2}
      propertyPath: m_LocalRotation.x
      value: -0.00000017881395
      objectReference: {fileID: 0}
    - target: {fileID: 4556820087436786, guid: 776e96353b63c4db5bc5a8e52c23cd8b, type: 2}
      propertyPath: m_LocalRotation.y
      value: -0.7071068
      objectReference: {fileID: 0}
    - target: {fileID: 4556820087436786, guid: 776e96353b63c4db5bc5a8e52c23cd8b, type: 2}
      propertyPath: m_LocalRotation.z
      value: 0.7071068
      objectReference: {fileID: 0}
    - target: {fileID: 4556820087436786, guid: 776e96353b63c4db5bc5a8e52c23cd8b, type: 2}
      propertyPath: m_LocalRotation.w
      value: 0.00000041723254
      objectReference: {fileID: 0}
    - target: {fileID: 4556820087436786, guid: 776e96353b63c4db5bc5a8e52c23cd8b, type: 2}
      propertyPath: m_RootOrder
      value: 0
      objectReference: {fileID: 0}
    - target: {fileID: 1232793952716896, guid: 776e96353b63c4db5bc5a8e52c23cd8b, type: 2}
      propertyPath: m_Name
      value: TVPlane
      objectReference: {fileID: 0}
    - target: {fileID: 1232793952716896, guid: 776e96353b63c4db5bc5a8e52c23cd8b, type: 2}
      propertyPath: m_IsActive
      value: 1
      objectReference: {fileID: 0}
    - target: {fileID: 4556820087436786, guid: 776e96353b63c4db5bc5a8e52c23cd8b, type: 2}
      propertyPath: m_LocalScale.x
      value: 0.275
      objectReference: {fileID: 0}
    - target: {fileID: 4556820087436786, guid: 776e96353b63c4db5bc5a8e52c23cd8b, type: 2}
      propertyPath: m_LocalScale.y
      value: 0.15
      objectReference: {fileID: 0}
    - target: {fileID: 4556820087436786, guid: 776e96353b63c4db5bc5a8e52c23cd8b, type: 2}
      propertyPath: m_LocalScale.z
      value: 0.15
      objectReference: {fileID: 0}
    m_RemovedComponents: []
  m_ParentPrefab: {fileID: 100100000, guid: 776e96353b63c4db5bc5a8e52c23cd8b, type: 2}
  m_IsPrefabParent: 0
--- !u!1 &537652933
GameObject:
  m_ObjectHideFlags: 0
  m_PrefabParentObject: {fileID: 0}
  m_PrefabInternal: {fileID: 0}
  serializedVersion: 5
  m_Component:
  - component: {fileID: 537652934}
  - component: {fileID: 537652938}
  - component: {fileID: 537652937}
  - component: {fileID: 537652936}
  - component: {fileID: 537652935}
  m_Layer: 0
  m_Name: Menu
  m_TagString: Untagged
  m_Icon: {fileID: 0}
  m_NavMeshLayer: 0
  m_StaticEditorFlags: 0
  m_IsActive: 1
--- !u!224 &537652934
RectTransform:
  m_ObjectHideFlags: 0
  m_PrefabParentObject: {fileID: 0}
  m_PrefabInternal: {fileID: 0}
  m_GameObject: {fileID: 537652933}
  m_LocalRotation: {x: -0.7071068, y: 0, z: 0, w: 0.7071068}
  m_LocalPosition: {x: 0, y: 0, z: 0}
  m_LocalScale: {x: 1, y: 1, z: 0}
  m_Children: []
  m_Father: {fileID: 1785685213}
  m_RootOrder: 0
  m_LocalEulerAnglesHint: {x: -90, y: 0, z: 0}
  m_AnchorMin: {x: 0.5, y: 0.5}
  m_AnchorMax: {x: 0.5, y: 0.5}
  m_AnchoredPosition: {x: 0, y: 0}
  m_SizeDelta: {x: 10, y: 10}
  m_Pivot: {x: 0.5, y: 0.5}
--- !u!114 &537652935
MonoBehaviour:
  m_ObjectHideFlags: 0
  m_PrefabParentObject: {fileID: 0}
  m_PrefabInternal: {fileID: 0}
  m_GameObject: {fileID: 537652933}
  m_Enabled: 1
  m_EditorHideFlags: 0
  m_Script: {fileID: 11500000, guid: a0ce90d2ca2b0654bb7668066686c6d7, type: 3}
  m_Name: 
  m_EditorClassIdentifier: 
--- !u!65 &537652936
BoxCollider:
  m_ObjectHideFlags: 0
  m_PrefabParentObject: {fileID: 0}
  m_PrefabInternal: {fileID: 0}
  m_GameObject: {fileID: 537652933}
  m_Material: {fileID: 0}
  m_IsTrigger: 1
  m_Enabled: 1
  serializedVersion: 2
  m_Size: {x: 10, y: 10, z: 1}
  m_Center: {x: 0, y: 0, z: 0}
--- !u!114 &537652937
MonoBehaviour:
  m_ObjectHideFlags: 0
  m_PrefabParentObject: {fileID: 0}
  m_PrefabInternal: {fileID: 0}
  m_GameObject: {fileID: 537652933}
  m_Enabled: 1
  m_EditorHideFlags: 0
  m_Script: {fileID: -98529514, guid: f70555f144d8491a825f0804e09c671c, type: 3}
  m_Name: 
  m_EditorClassIdentifier: 
  m_Material: {fileID: 0}
  m_Color: {r: 1, g: 1, b: 1, a: 1}
  m_RaycastTarget: 1
  m_OnCullStateChanged:
    m_PersistentCalls:
      m_Calls: []
    m_TypeName: UnityEngine.UI.MaskableGraphic+CullStateChangedEvent, UnityEngine.UI,
      Version=1.0.0.0, Culture=neutral, PublicKeyToken=null
  m_Texture: {fileID: 0}
  m_UVRect:
    serializedVersion: 2
    x: 0
    y: 0
    width: 1
    height: 1
--- !u!222 &537652938
CanvasRenderer:
  m_ObjectHideFlags: 0
  m_PrefabParentObject: {fileID: 0}
  m_PrefabInternal: {fileID: 0}
  m_GameObject: {fileID: 537652933}
--- !u!1 &698835481
GameObject:
  m_ObjectHideFlags: 0
  m_PrefabParentObject: {fileID: 173908, guid: e406c7e4950abdd49a5b8db430b42d81, type: 2}
  m_PrefabInternal: {fileID: 0}
  serializedVersion: 5
  m_Component:
  - component: {fileID: 698835482}
  - component: {fileID: 698835484}
  - component: {fileID: 698835483}
  m_Layer: 9
  m_Name: SphereInside64R
  m_TagString: Untagged
  m_Icon: {fileID: 0}
  m_NavMeshLayer: 0
  m_StaticEditorFlags: 0
  m_IsActive: 1
--- !u!4 &698835482
Transform:
  m_ObjectHideFlags: 0
  m_PrefabParentObject: {fileID: 458208, guid: e406c7e4950abdd49a5b8db430b42d81, type: 2}
  m_PrefabInternal: {fileID: 0}
  m_GameObject: {fileID: 698835481}
  m_LocalRotation: {x: -0.7071068, y: 0, z: -0, w: 0.7071068}
  m_LocalPosition: {x: 0, y: 0, z: 0}
  m_LocalScale: {x: 10, y: 10, z: 10}
  m_Children: []
  m_Father: {fileID: 267806619}
  m_RootOrder: 2
  m_LocalEulerAnglesHint: {x: 0, y: 0, z: 0}
--- !u!23 &698835483
MeshRenderer:
  m_ObjectHideFlags: 0
  m_PrefabParentObject: {fileID: 2311218, guid: e406c7e4950abdd49a5b8db430b42d81,
    type: 2}
  m_PrefabInternal: {fileID: 0}
  m_GameObject: {fileID: 698835481}
  m_Enabled: 1
  m_CastShadows: 1
  m_ReceiveShadows: 1
  m_DynamicOccludee: 1
  m_MotionVectors: 1
  m_LightProbeUsage: 1
  m_ReflectionProbeUsage: 1
  m_Materials:
  - {fileID: 2100000, guid: f034f1d242f075444a24d51cdebe606a, type: 2}
  m_StaticBatchInfo:
    firstSubMesh: 0
    subMeshCount: 0
  m_StaticBatchRoot: {fileID: 0}
  m_ProbeAnchor: {fileID: 0}
  m_LightProbeVolumeOverride: {fileID: 0}
  m_ScaleInLightmap: 1
  m_PreserveUVs: 0
  m_IgnoreNormalsForChartDetection: 0
  m_ImportantGI: 0
  m_StitchLightmapSeams: 0
  m_SelectedEditorRenderState: 3
  m_MinimumChartSize: 4
  m_AutoUVMaxDistance: 0.5
  m_AutoUVMaxAngle: 89
  m_LightmapParameters: {fileID: 0}
  m_SortingLayerID: 0
  m_SortingLayer: 0
  m_SortingOrder: 0
--- !u!33 &698835484
MeshFilter:
  m_ObjectHideFlags: 0
  m_PrefabParentObject: {fileID: 3312204, guid: e406c7e4950abdd49a5b8db430b42d81,
    type: 2}
  m_PrefabInternal: {fileID: 0}
  m_GameObject: {fileID: 698835481}
  m_Mesh: {fileID: 4300000, guid: 36318d9a625eaae4db2373609f7feb79, type: 3}
--- !u!1001 &885419672
Prefab:
  m_ObjectHideFlags: 0
  serializedVersion: 2
  m_Modification:
    m_TransformParent: {fileID: 1032143862}
    m_Modifications:
    - target: {fileID: 482300, guid: 60270cf52a5e94998a5a335989159738, type: 2}
      propertyPath: m_LocalPosition.x
      value: 0
      objectReference: {fileID: 0}
    - target: {fileID: 482300, guid: 60270cf52a5e94998a5a335989159738, type: 2}
      propertyPath: m_LocalPosition.y
      value: 0
      objectReference: {fileID: 0}
    - target: {fileID: 482300, guid: 60270cf52a5e94998a5a335989159738, type: 2}
      propertyPath: m_LocalPosition.z
      value: 0
      objectReference: {fileID: 0}
    - target: {fileID: 482300, guid: 60270cf52a5e94998a5a335989159738, type: 2}
      propertyPath: m_LocalRotation.x
      value: 0
      objectReference: {fileID: 0}
    - target: {fileID: 482300, guid: 60270cf52a5e94998a5a335989159738, type: 2}
      propertyPath: m_LocalRotation.y
      value: 0
      objectReference: {fileID: 0}
    - target: {fileID: 482300, guid: 60270cf52a5e94998a5a335989159738, type: 2}
      propertyPath: m_LocalRotation.z
      value: 0
      objectReference: {fileID: 0}
    - target: {fileID: 482300, guid: 60270cf52a5e94998a5a335989159738, type: 2}
      propertyPath: m_LocalRotation.w
      value: 1
      objectReference: {fileID: 0}
    - target: {fileID: 482300, guid: 60270cf52a5e94998a5a335989159738, type: 2}
      propertyPath: m_RootOrder
      value: 3
      objectReference: {fileID: 0}
    - target: {fileID: 171526, guid: 60270cf52a5e94998a5a335989159738, type: 2}
      propertyPath: m_IsActive
      value: 1
      objectReference: {fileID: 0}
    - target: {fileID: 2301146, guid: 60270cf52a5e94998a5a335989159738, type: 2}
      propertyPath: m_Enabled
      value: 1
      objectReference: {fileID: 0}
    - target: {fileID: 723926960, guid: 60270cf52a5e94998a5a335989159738, type: 2}
      propertyPath: m_Enabled
      value: 1
      objectReference: {fileID: 0}
    - target: {fileID: 2301146, guid: 60270cf52a5e94998a5a335989159738, type: 2}
      propertyPath: m_MotionVectors
      value: 1
      objectReference: {fileID: 0}
    m_RemovedComponents: []
  m_ParentPrefab: {fileID: 100100000, guid: 60270cf52a5e94998a5a335989159738, type: 2}
  m_IsPrefabParent: 0
--- !u!1 &999694338
GameObject:
  m_ObjectHideFlags: 0
  m_PrefabParentObject: {fileID: 1808488608193294, guid: 48986abddb0c5e64f9128c6637b9de36,
    type: 2}
  m_PrefabInternal: {fileID: 0}
  serializedVersion: 5
  m_Component:
  - component: {fileID: 999694339}
  - component: {fileID: 999694342}
  - component: {fileID: 999694341}
  - component: {fileID: 999694340}
  m_Layer: 0
  m_Name: ImageCircle
  m_TagString: Untagged
  m_Icon: {fileID: 0}
  m_NavMeshLayer: 0
  m_StaticEditorFlags: 0
  m_IsActive: 1
--- !u!224 &999694339
RectTransform:
  m_ObjectHideFlags: 0
  m_PrefabParentObject: {fileID: 224026372698063540, guid: 48986abddb0c5e64f9128c6637b9de36,
    type: 2}
  m_PrefabInternal: {fileID: 0}
  m_GameObject: {fileID: 999694338}
  m_LocalRotation: {x: 0, y: 0, z: 0, w: 1}
  m_LocalPosition: {x: 0, y: 0, z: 0}
  m_LocalScale: {x: 1, y: 1, z: 1}
  m_Children: []
  m_Father: {fileID: 408373881}
  m_RootOrder: 0
  m_LocalEulerAnglesHint: {x: 0, y: 0, z: 0}
  m_AnchorMin: {x: 0.5, y: 0.5}
  m_AnchorMax: {x: 0.5, y: 0.5}
  m_AnchoredPosition: {x: 0, y: -0.005}
  m_SizeDelta: {x: 0.1, y: 0.1}
  m_Pivot: {x: 0.5, y: 0.5}
--- !u!114 &999694340
MonoBehaviour:
  m_ObjectHideFlags: 0
  m_PrefabParentObject: {fileID: 114950150970225040, guid: 48986abddb0c5e64f9128c6637b9de36,
    type: 2}
  m_PrefabInternal: {fileID: 0}
  m_GameObject: {fileID: 999694338}
  m_Enabled: 1
  m_EditorHideFlags: 0
  m_Script: {fileID: 11500000, guid: 35ff6c8cadc13614abcd304d6976213c, type: 3}
  m_Name: 
  m_EditorClassIdentifier: 
  WaitTime: 2
--- !u!114 &999694341
MonoBehaviour:
  m_ObjectHideFlags: 0
  m_PrefabParentObject: {fileID: 114130652907540806, guid: 48986abddb0c5e64f9128c6637b9de36,
    type: 2}
  m_PrefabInternal: {fileID: 0}
  m_GameObject: {fileID: 999694338}
  m_Enabled: 1
  m_EditorHideFlags: 0
  m_Script: {fileID: -765806418, guid: f70555f144d8491a825f0804e09c671c, type: 3}
  m_Name: 
  m_EditorClassIdentifier: 
  m_Material: {fileID: 0}
  m_Color: {r: 0, g: 0.5862067, b: 1, a: 1}
  m_RaycastTarget: 1
  m_OnCullStateChanged:
    m_PersistentCalls:
      m_Calls: []
    m_TypeName: UnityEngine.UI.MaskableGraphic+CullStateChangedEvent, UnityEngine.UI,
      Version=1.0.0.0, Culture=neutral, PublicKeyToken=null
  m_Sprite: {fileID: 21300000, guid: 5c15d1bf86cf81541a16a4f7a986132a, type: 3}
  m_Type: 3
  m_PreserveAspect: 0
  m_FillCenter: 1
  m_FillMethod: 4
  m_FillAmount: 0
  m_FillClockwise: 1
  m_FillOrigin: 0
--- !u!222 &999694342
CanvasRenderer:
  m_ObjectHideFlags: 0
  m_PrefabParentObject: {fileID: 222565934931995056, guid: 48986abddb0c5e64f9128c6637b9de36,
    type: 2}
  m_PrefabInternal: {fileID: 0}
  m_GameObject: {fileID: 999694338}
--- !u!4 &1032143862 stripped
Transform:
  m_PrefabParentObject: {fileID: 400006, guid: b8b03d395f5734e98af91ccf44f9bf47, type: 2}
  m_PrefabInternal: {fileID: 2114036408}
--- !u!1 &1425008599 stripped
GameObject:
  m_PrefabParentObject: {fileID: 171526, guid: 60270cf52a5e94998a5a335989159738, type: 2}
  m_PrefabInternal: {fileID: 885419672}
--- !u!114 &1425008601
MonoBehaviour:
  m_ObjectHideFlags: 0
  m_PrefabParentObject: {fileID: 0}
  m_PrefabInternal: {fileID: 0}
  m_GameObject: {fileID: 1425008599}
  m_Enabled: 1
  m_EditorHideFlags: 0
  m_Script: {fileID: 11500000, guid: 1dd22a10113da49039d965e2d46f94b8, type: 3}
  m_Name: 
  m_EditorClassIdentifier: 
--- !u!1 &1756298834
GameObject:
  m_ObjectHideFlags: 0
  m_PrefabParentObject: {fileID: 133230, guid: e406c7e4950abdd49a5b8db430b42d81, type: 2}
  m_PrefabInternal: {fileID: 0}
  serializedVersion: 5
  m_Component:
  - component: {fileID: 1756298835}
  - component: {fileID: 1756298837}
  - component: {fileID: 1756298836}
  m_Layer: 8
  m_Name: SphereInside64L
  m_TagString: Untagged
  m_Icon: {fileID: 0}
  m_NavMeshLayer: 0
  m_StaticEditorFlags: 0
  m_IsActive: 1
--- !u!4 &1756298835
Transform:
  m_ObjectHideFlags: 0
  m_PrefabParentObject: {fileID: 498654, guid: e406c7e4950abdd49a5b8db430b42d81, type: 2}
  m_PrefabInternal: {fileID: 0}
  m_GameObject: {fileID: 1756298834}
  m_LocalRotation: {x: -0.7071068, y: 0, z: -0, w: 0.7071068}
  m_LocalPosition: {x: 0, y: 0, z: 0}
  m_LocalScale: {x: 10, y: 10, z: 10}
  m_Children: []
  m_Father: {fileID: 267806619}
  m_RootOrder: 1
  m_LocalEulerAnglesHint: {x: 0, y: 0, z: 0}
--- !u!23 &1756298836
MeshRenderer:
  m_ObjectHideFlags: 0
  m_PrefabParentObject: {fileID: 2366086, guid: e406c7e4950abdd49a5b8db430b42d81,
    type: 2}
  m_PrefabInternal: {fileID: 0}
  m_GameObject: {fileID: 1756298834}
  m_Enabled: 1
  m_CastShadows: 1
  m_ReceiveShadows: 1
  m_DynamicOccludee: 1
  m_MotionVectors: 1
  m_LightProbeUsage: 1
  m_ReflectionProbeUsage: 1
  m_Materials:
  - {fileID: 2100000, guid: 061e6ed29b058e24cbb97542db709631, type: 2}
  m_StaticBatchInfo:
    firstSubMesh: 0
    subMeshCount: 0
  m_StaticBatchRoot: {fileID: 0}
  m_ProbeAnchor: {fileID: 0}
  m_LightProbeVolumeOverride: {fileID: 0}
  m_ScaleInLightmap: 1
  m_PreserveUVs: 0
  m_IgnoreNormalsForChartDetection: 0
  m_ImportantGI: 0
  m_StitchLightmapSeams: 0
  m_SelectedEditorRenderState: 3
  m_MinimumChartSize: 4
  m_AutoUVMaxDistance: 0.5
  m_AutoUVMaxAngle: 89
  m_LightmapParameters: {fileID: 0}
  m_SortingLayerID: 0
  m_SortingLayer: 0
  m_SortingOrder: 0
--- !u!33 &1756298837
MeshFilter:
  m_ObjectHideFlags: 0
  m_PrefabParentObject: {fileID: 3338758, guid: e406c7e4950abdd49a5b8db430b42d81,
    type: 2}
  m_PrefabInternal: {fileID: 0}
  m_GameObject: {fileID: 1756298834}
  m_Mesh: {fileID: 4300000, guid: 36318d9a625eaae4db2373609f7feb79, type: 3}
--- !u!4 &1785685213 stripped
Transform:
  m_PrefabParentObject: {fileID: 4556820087436786, guid: 776e96353b63c4db5bc5a8e52c23cd8b,
    type: 2}
  m_PrefabInternal: {fileID: 489560638}
--- !u!1001 &1802774120
Prefab:
  m_ObjectHideFlags: 0
  serializedVersion: 2
  m_Modification:
    m_TransformParent: {fileID: 0}
    m_Modifications:
    - target: {fileID: 224648246015161466, guid: cef58e698c50441d9b4041507f20bd21,
        type: 2}
      propertyPath: m_LocalPosition.x
      value: 0
      objectReference: {fileID: 0}
    - target: {fileID: 224648246015161466, guid: cef58e698c50441d9b4041507f20bd21,
        type: 2}
      propertyPath: m_LocalPosition.y
      value: 0
      objectReference: {fileID: 0}
    - target: {fileID: 224648246015161466, guid: cef58e698c50441d9b4041507f20bd21,
        type: 2}
      propertyPath: m_LocalPosition.z
      value: 2
      objectReference: {fileID: 0}
    - target: {fileID: 224648246015161466, guid: cef58e698c50441d9b4041507f20bd21,
        type: 2}
      propertyPath: m_LocalRotation.x
      value: 0
      objectReference: {fileID: 0}
    - target: {fileID: 224648246015161466, guid: cef58e698c50441d9b4041507f20bd21,
        type: 2}
      propertyPath: m_LocalRotation.y
      value: 0
      objectReference: {fileID: 0}
    - target: {fileID: 224648246015161466, guid: cef58e698c50441d9b4041507f20bd21,
        type: 2}
      propertyPath: m_LocalRotation.z
      value: 0
      objectReference: {fileID: 0}
    - target: {fileID: 224648246015161466, guid: cef58e698c50441d9b4041507f20bd21,
        type: 2}
      propertyPath: m_LocalRotation.w
      value: 1
      objectReference: {fileID: 0}
    - target: {fileID: 224648246015161466, guid: cef58e698c50441d9b4041507f20bd21,
        type: 2}
      propertyPath: m_RootOrder
      value: 3
      objectReference: {fileID: 0}
    - target: {fileID: 224648246015161466, guid: cef58e698c50441d9b4041507f20bd21,
        type: 2}
      propertyPath: m_AnchoredPosition.x
      value: 0
      objectReference: {fileID: 0}
    - target: {fileID: 224648246015161466, guid: cef58e698c50441d9b4041507f20bd21,
        type: 2}
      propertyPath: m_AnchoredPosition.y
      value: 0.97008824
      objectReference: {fileID: 0}
    - target: {fileID: 224648246015161466, guid: cef58e698c50441d9b4041507f20bd21,
        type: 2}
      propertyPath: m_SizeDelta.x
      value: 500
      objectReference: {fileID: 0}
    - target: {fileID: 224648246015161466, guid: cef58e698c50441d9b4041507f20bd21,
        type: 2}
      propertyPath: m_SizeDelta.y
      value: 100
      objectReference: {fileID: 0}
    - target: {fileID: 224648246015161466, guid: cef58e698c50441d9b4041507f20bd21,
        type: 2}
      propertyPath: m_AnchorMin.x
      value: 0
      objectReference: {fileID: 0}
    - target: {fileID: 224648246015161466, guid: cef58e698c50441d9b4041507f20bd21,
        type: 2}
      propertyPath: m_AnchorMin.y
      value: 0
      objectReference: {fileID: 0}
    - target: {fileID: 224648246015161466, guid: cef58e698c50441d9b4041507f20bd21,
        type: 2}
      propertyPath: m_AnchorMax.x
      value: 0
      objectReference: {fileID: 0}
    - target: {fileID: 224648246015161466, guid: cef58e698c50441d9b4041507f20bd21,
        type: 2}
      propertyPath: m_AnchorMax.y
      value: 0
      objectReference: {fileID: 0}
    - target: {fileID: 224648246015161466, guid: cef58e698c50441d9b4041507f20bd21,
        type: 2}
      propertyPath: m_Pivot.x
      value: 0.5
      objectReference: {fileID: 0}
    - target: {fileID: 224648246015161466, guid: cef58e698c50441d9b4041507f20bd21,
        type: 2}
      propertyPath: m_Pivot.y
      value: 0.5
      objectReference: {fileID: 0}
    - target: {fileID: 114334439478979976, guid: cef58e698c50441d9b4041507f20bd21,
        type: 2}
      propertyPath: m_Material
      value: 
      objectReference: {fileID: 0}
    - target: {fileID: 114334439478979976, guid: cef58e698c50441d9b4041507f20bd21,
        type: 2}
      propertyPath: m_sharedMaterial
      value: 
      objectReference: {fileID: 0}
    - target: {fileID: 114488043100324634, guid: cef58e698c50441d9b4041507f20bd21,
        type: 2}
      propertyPath: m_havePropertiesChanged
      value: 1
      objectReference: {fileID: 0}
    - target: {fileID: 114488043100324634, guid: cef58e698c50441d9b4041507f20bd21,
        type: 2}
      propertyPath: m_isInputParsingRequired
      value: 1
      objectReference: {fileID: 0}
    - target: {fileID: 114507366278199728, guid: cef58e698c50441d9b4041507f20bd21,
        type: 2}
      propertyPath: m_Material
      value: 
      objectReference: {fileID: 0}
    - target: {fileID: 114507366278199728, guid: cef58e698c50441d9b4041507f20bd21,
        type: 2}
      propertyPath: m_sharedMaterial
      value: 
      objectReference: {fileID: 0}
    - target: {fileID: 114804855899890584, guid: cef58e698c50441d9b4041507f20bd21,
        type: 2}
      propertyPath: m_havePropertiesChanged
      value: 1
      objectReference: {fileID: 0}
    - target: {fileID: 114804855899890584, guid: cef58e698c50441d9b4041507f20bd21,
        type: 2}
      propertyPath: m_isInputParsingRequired
      value: 1
      objectReference: {fileID: 0}
    m_RemovedComponents: []
  m_ParentPrefab: {fileID: 100100000, guid: cef58e698c50441d9b4041507f20bd21, type: 2}
  m_IsPrefabParent: 0
--- !u!1001 &2114036408
Prefab:
  m_ObjectHideFlags: 0
  serializedVersion: 2
  m_Modification:
    m_TransformParent: {fileID: 0}
    m_Modifications:
    - target: {fileID: 400004, guid: b8b03d395f5734e98af91ccf44f9bf47, type: 2}
      propertyPath: m_LocalPosition.x
      value: 0
      objectReference: {fileID: 0}
    - target: {fileID: 400004, guid: b8b03d395f5734e98af91ccf44f9bf47, type: 2}
      propertyPath: m_LocalPosition.y
      value: 0
      objectReference: {fileID: 0}
    - target: {fileID: 400004, guid: b8b03d395f5734e98af91ccf44f9bf47, type: 2}
      propertyPath: m_LocalPosition.z
      value: 0
      objectReference: {fileID: 0}
    - target: {fileID: 400004, guid: b8b03d395f5734e98af91ccf44f9bf47, type: 2}
      propertyPath: m_LocalRotation.x
      value: 0
      objectReference: {fileID: 0}
    - target: {fileID: 400004, guid: b8b03d395f5734e98af91ccf44f9bf47, type: 2}
      propertyPath: m_LocalRotation.y
      value: 0
      objectReference: {fileID: 0}
    - target: {fileID: 400004, guid: b8b03d395f5734e98af91ccf44f9bf47, type: 2}
      propertyPath: m_LocalRotation.z
      value: 0
      objectReference: {fileID: 0}
    - target: {fileID: 400004, guid: b8b03d395f5734e98af91ccf44f9bf47, type: 2}
      propertyPath: m_LocalRotation.w
      value: 1
      objectReference: {fileID: 0}
    - target: {fileID: 400004, guid: b8b03d395f5734e98af91ccf44f9bf47, type: 2}
      propertyPath: m_RootOrder
      value: 2
      objectReference: {fileID: 0}
    - target: {fileID: 2000004, guid: b8b03d395f5734e98af91ccf44f9bf47, type: 2}
      propertyPath: m_Depth
      value: -1
      objectReference: {fileID: 0}
    - target: {fileID: 2000004, guid: b8b03d395f5734e98af91ccf44f9bf47, type: 2}
      propertyPath: m_BackGroundColor.r
      value: 0.06433824
      objectReference: {fileID: 0}
    - target: {fileID: 2000004, guid: b8b03d395f5734e98af91ccf44f9bf47, type: 2}
      propertyPath: m_BackGroundColor.g
      value: 0.2413793
      objectReference: {fileID: 0}
    - target: {fileID: 2000004, guid: b8b03d395f5734e98af91ccf44f9bf47, type: 2}
      propertyPath: m_BackGroundColor.b
      value: 0.25735295
      objectReference: {fileID: 0}
    - target: {fileID: 2000002, guid: b8b03d395f5734e98af91ccf44f9bf47, type: 2}
      propertyPath: m_CullingMask.m_Bits
      value: 4294966783
      objectReference: {fileID: 0}
    - target: {fileID: 2000000, guid: b8b03d395f5734e98af91ccf44f9bf47, type: 2}
      propertyPath: m_CullingMask.m_Bits
      value: 4294967039
      objectReference: {fileID: 0}
    - target: {fileID: 100006, guid: b8b03d395f5734e98af91ccf44f9bf47, type: 2}
      propertyPath: m_IsActive
      value: 1
      objectReference: {fileID: 0}
    - target: {fileID: 11400012, guid: b8b03d395f5734e98af91ccf44f9bf47, type: 2}
      propertyPath: vrModeEnabled
      value: 1
      objectReference: {fileID: 0}
    - target: {fileID: 100000, guid: b8b03d395f5734e98af91ccf44f9bf47, type: 2}
      propertyPath: m_IsActive
      value: 1
      objectReference: {fileID: 0}
    - target: {fileID: 100004, guid: b8b03d395f5734e98af91ccf44f9bf47, type: 2}
      propertyPath: m_Name
      value: CardboardMain
      objectReference: {fileID: 0}
    m_RemovedComponents: []
  m_ParentPrefab: {fileID: 100100000, guid: b8b03d395f5734e98af91ccf44f9bf47, type: 2}
  m_IsPrefabParent: 0
